@article{PointNet,
  author       = {Charles Ruizhongtai Qi and Hao Su and Kaichun Mo and Leonidas J. Guibas},
  title        = {PointNet: Deep Learning on Point Sets for 3D Classification and Segmentation},
  journal      = {CoRR},
  volume       = {abs/1612.00593},
  year         = {2016},
  url          = {http://arxiv.org/abs/1612.00593},
  eprinttype    = {arXiv},
  eprint       = {1612.00593},
  timestamp    = {Wed, 11 Nov 2020 08:48:10 +0100},
  biburl       = {https://dblp.org/rec/journals/corr/QiSMG16.bib},
  bibsource    = {dblp computer science bibliography, https://dblp.org}
}
@article{VoxSegNet,
  author       = {Zongji Wang and
                  Feng Lu},
  title        = {VoxSegNet: Volumetric CNNs for Semantic Part Segmentation of 3D Shapes},
  journal      = {CoRR},
  volume       = {abs/1809.00226},
  year         = {2018},
  url          = {http://arxiv.org/abs/1809.00226},
  eprinttype    = {arXiv},
  eprint       = {1809.00226},
  timestamp    = {Fri, 23 Oct 2020 16:16:07 +0200},
  biburl       = {https://dblp.org/rec/journals/corr/abs-1809-00226.bib},
  bibsource    = {dblp computer science bibliography, https://dblp.org}
}
@article{Unet,
  author       = {Olaf Ronneberger and
                  Philipp Fischer and
                  Thomas Brox},
  title        = {U-Net: Convolutional Networks for Biomedical Image Segmentation},
  journal      = {CoRR},
  volume       = {abs/1505.04597},
  year         = {2015},
  url          = {http://arxiv.org/abs/1505.04597},
  eprinttype    = {arXiv},
  eprint       = {1505.04597},
  timestamp    = {Mon, 13 Aug 2018 16:46:52 +0200},
  biburl       = {https://dblp.org/rec/journals/corr/RonnebergerFB15.bib},
  bibsource    = {dblp computer science bibliography, https://dblp.org}
}
@INPROCEEDINGS{voxNet,
  author={Maturana, Daniel and Scherer, Sebastian},
  booktitle={2015 IEEE/RSJ International Conference on Intelligent Robots and Systems (IROS)}, 
  title={VoxNet: A 3D Convolutional Neural Network for real-time object recognition}, 
  year={2015},
  volume={},
  number={},
  pages={922-928},
  keywords={Three-dimensional displays;Object recognition;Laser radar;Sensors;Neural networks;Feature extraction;Robots},
  doi={10.1109/IROS.2015.7353481}}
